
@book{imagemMonocromatica,
  title={Processamento de imagens digitais},
  author={Gonzalez, Rafael C and Woods, Richard E},
  year={2000},
  publisher={Editora Blucher}
}


@misc{barraFixa_IMG,
  author = {Corpo de Bombeiros Militar do Estado de Goiás},
  title = {Treinamento Físico-Militar e do Teste de Aptidão Física},
  howpublished = {Norma Administrativa n. 02},
  year = {2017},
  note = {Secretaria de Segurança Pública e Administração Penitenciária},
  url = {https://www.bombeiros.go.gov.br/wp-content/uploads/2017/05/NA-02-TFM-e-TAF-3.pdf},
}


@misc{AFD_reconhecedor,
  author = {Olivete, Celso Júnior},
  title = {Autômatos Finitos - LFA: Aula 04},
  howpublished = {Material didático},
  month = {janeiro},
  year = {2020},
  note = {Apresentado em Linguagens Formais e Autômatos},
  url = {http://www2.fct.unesp.br/docentes/dmec/olivete/lfa/arquivos/Aula04.pdf},
}