% Encoding: UTF-8


@URL{eCBMG2018,
    title  = "EDITAL CBMMG Nº 13, DE 30 DE JULHO DE 2018.",
    year   = "2018",
    url   = "https://bombeiros.mg.gov.br/images/concursos/CFSdBM2020/edital.pdf"
}

@URL{ePMMG2021,
    author = "",
    title  = "EDITAL DRH/CRS Nº 07/2021, DE 24 DE JUNHO DE 2021.",
    year   = "2021",
    url   = "https://www.policiamilitar.mg.gov.br/conteudoportal/sites/concurso/250620211349486800.pdf"
}

@URL{ePF2021,
    author = "",
    title  = "EDITAL Nº 1 – DGP/PF, DE 15 DE JANEIRO DE 2021.",
    year   = "2021",
    url   = "https://cdn.cebraspe.org.br/concursos/PF_21/arquivos/ED_1_DPF_2021_ABT.PDF"
}

@URL{ePP2021,
    title  = "EDITAL SEJUSP Nº. 02/2021 DE 17 DE AGOSTO DE 2021.",
    year   = "2021",
    url   = "http://www.seguranca.mg.gov.br/images/2021/Agosto/Documentos/EDITAL_CONCURSO_PP.pdf"
}

@URL{barraTAF,
    title  = "Exercício na barra fixa é o que mais reprova candidatos no concurso da Polícia Militar e do Corpo de Bombeiros",
    year   = "2018",
    author = "Governo da Paraiba",
    url   = "https://paraiba.pb.gov.br/noticias/exercicio-na-barra-fixa-e-o-que-mais-reprova-candidatos-no-concurso-da-policia-militar-e-do-corpo-de-bombeiros",
}

@URL{salarioMin,
    title  = "Salário mínimo de R\$ 1.212 é promulgado",
    year   = "2022",
    author = "Agência Senado",
    url   = "https://www12.senado.leg.br/noticias/materias/2022/06/02/salario-minimo-de-r-1-212-e-promulgado",
}

@URL{valorPersonal,
    title  = "Quanto custa e quando devo contratar um personal trainer?",
    year   = "2022",
    author = "Marília Banholzer",
    url   = "https://jc.ne10.uol.com.br/colunas/vida-fit/2022/01/14929345-quanto-custa-e-quando-devo-contratar-um-personal-trainer.html",
}

@URL{sisMuscular,
  title={SISTEMA MUSCULAR},
  author={Helivania Sardinha dos Santos},
  url="https://www.biologianet.com/anatomia-fisiologia-animal/sistema-muscular.htm",
}

@URL{distal,
  title={Exercícios de cadeia cinética fechada e aberta: o que são e quem pode fazer.},
  author={Bárbara Therrie},
  url={https://www.uol.com.br/vivabem/noticias/redacao/2021/04/07/exercicios-de-cadeia-cinetica-aberta-e-fechada-o-que-sao-e-quais-vantagens.htm},
  year={2021},
}

@book{VisaoComp,
    title = {Computer Vision},
    author = {Dana Harry Ballard and Christopher M. Brown},
    year = {1982},
    month = {08},
    day = {28},
    pagecount = {523},
    isbn = {9780131653160}
}

@book{visao,
  title={Introdu{\c{c}}{\~a}o {\`a} Vis{\~a}o Computacional: Uma abordagem pr{\'a}tica com Python e OpenCV},
  author={Barelli, Felipe},
  year={2018},
  publisher={Editora Casa do C{\'o}digo}
}

@article{silva2015cinesiologia,
  title={Cinesiologia e biomec{\^a}nica},
  author={SILVA, Valeria Regina},
  journal={Rio de Janeiro: SESES},
  volume={88},
  year={2015}
}



@article{articulacao,
  title={Cinesiologia, biomecânica e robótica},
  author={Thayse Zerger Gonçalves Dias},
  year={2021},
}

@article{insuficienciaAP,
  title={Cinesiologia e biomec{\^a}nica},
  author={SILVA, Valeria Regina},
  journal={Rio de Janeiro: SESES},
  volume={88},
  year={2015}
}


@mastersthesis{futebolTatica,
  title={Ferramentas para an{\'a}lise de partidas de futsal utilizando processamento de imagens e vis{\~a}o computacional},
  author={Paulichen, Heloiza Mendes},
  type={{B.S.} thesis},
  year={2019},
  school={Universidade Tecnol{\'o}gica Federal do Paran{\'a}}
}


@phdthesis{barraFixa,
  title={CORRELA{\c{C}}{\~A}O ENTRE AS CARACTER{\'I}STICAS ESTRUTURAIS DA FOR{\c{C}}A DE TRA{\c{C}}{\~A}O E O DESEMPENHO NO EXERC{\'I}CIO DE PUXADA NA BARRA FIXA},
  author={de Mattos, Rogerio Silva Leite},
  year={2015},
  school={Universidade Federal do Rio de Janeiro}
}


@article{cinesiologiaBarraFixa,
  title={Compara{\c{c}}{\~a}o do n{\'\i}vel de ativa{\c{c}}{\~a}o muscular entre os exerc{\'\i}cios puxada pela frente no equipamento e em barra fixa em duas intensidades distintas},
  author={Guedes, Matheus Giacobbo},
  year={2010}
}

@article{vcBicicleta,
  title={An{\'a}lise postural digital para ciclistas},
  author={Franke, Leonardo},
  year={2016}
}

@article{,
  title={An{\'a}lise postural digital para ciclistas},
  author={},
  year={2018}
}


@inproceedings{vcFutebol,
  title={Sistema de Apoio {\`a}s An{\'a}lises T{\'a}tica e F{\'\i}sica no Futsal baseado em Vis{\~a}o Computacional},
  author={P{\'a}dua, Fl{\'a}vio Luis Cardeal and de P{\'a}dua, Pedro Henrique Caetano},
  booktitle={Semin{\'a}rio de Discentes dos Programas de P{\'o}s-Gradua{\c{c}}{\~a}o Stricto Sensu},
  year={2014}
}

 @misc{reprovaTAF,
  title={TAF: etapa negligenciada por concurseiros reprova até 60\%},
  url={https://www.metropoles.com/vaga-garantida/taf-etapa-negligenciada-por-concurseiros-reprova-ate-60},
  author={Letícia Nobre},
  year={2018},
  month={Sep}
 } 
 
@ONLINE {bbcRenda,
    author = "Camilla Veras Mota",
    title  = "Calculadora de renda: 90% dos brasileiros ganham menos de R$ 3,5 mil; confira sua posição na lista",
    month  = "dec",
    year   = "2021",
    url    = "Calculadora de renda: 90% dos brasileiros ganham menos de R$ 3,5 mil; confira sua posição na lista"
}

@article{imageDigital,
  title={Fundamentos da imagem digital},
  author={Scuri, Antonio Esca{\~n}o},
  journal={Pontif{\'\i}cia Universidade Cat{\'o}lica do Rio de Janeiro},
  pages={13},
  year={1999}
}

@article{de2006introduccao,
  title={Introdu{\c{c}}{\~a}o ao processamento digital de imagens.},
  author={de Queiroz, Jos{\'e} Eust{\'a}quio Rangel and Gomes, Herman Martins},
  journal={Rita},
  volume={13},
  number={2},
  pages={11--42},
  year={2006}
}


@article{neves2012avanccos,
  title={Avan{\c{c}}os em vis{\~a}o computacional},
  author={Neves, Luiz Ant{\^o}nio Pereira and Vieira Neto, Hugo and Gonzaga, Adilson},
  journal={Curitiba: Omnipax},
  pages={27},
  year={2012}
}


 @misc{teixeira_mota_2007,
  title={A biomecânica e a Educação Física},
  url={https://www.efdeportes.com/efd113/a-biomecanica-e-a-educacao-fisica.htm},
  journal={A Biomecnica e a educação física},
  publisher={Revista Digital - Buenos Aires},
  author={Teixeira, Clarissa   Stefani and Mota, Carlos Bolli},
  year={2007},
  month={Oct}
 } 



%Exemplos

@Article{ABRAMSON1991,
  author  = {ABRAMSON, D.},
  title   = {Constructing School Timetables Using Simulated Annealing: Sequential and Parallel Algorithms},
  journal = {Management Science, 37:98-113.},
  year    = {1991},
}

@MastersThesis{ROCHA2013,
  author = {ROCHA, W. de S.},
  title  = {Algoritmo GRASP para o Problema de Tabela-horário de Universidades},
  school = {Departamento de Informática, Universidade Federal do Espírito Santo, Vitória.},
  year   = {2013},
}

@InCollection{CESCHIA2011,
  author    = {CESCHIA, S., GASPERO},
  title     = {Design,engineering, and experimental analysis of a simulated annealing approach to the post-enrolment course timetabling problem},
  booktitle = {Computers \& Operations Research, v. 39, n. 7, p.1615–1624 .},
  year      = {2011},
}

@Conference{ELLOUMI2008,
  author    = {ELLOUMI, A.},
  title     = {A tabu search procedure for course timetabling at a tunisian university},
  booktitle = {Proceedings of the 7th PATAT Conference, 2008. [S.l.: s.n.]},
  year      = {2008},
}

@Article{GLOVER1997,
  author  = {GLOVER, F. e LAGUNA, M.},
  title   = {Tabu Search},
  journal = {Kluwer Academic Publishers, Boston.},
  year    = {1997},
}

@InCollection{GLOVER1993,
  author    = {GLOVER, F., TAILLARD, E. and de WERRA, D. . ,},
  title     = {A user’s guide to tabu search},
  booktitle = {Tabu Search, Vol. 41 of Annals of Operations Research, Baltzer Science Publishers, Amsterdan, pp. 3–28.},
  year      = {1993},
}

@InCollection{KIRK1983,
  author    = {KIRK PATRICK},
  title     = {Optimization by Simulated Annealing. Science},
  booktitle = {New Series, Vol. 220, No. 4598},
  year      = {1983},
}

@InCollection{SCHAERF1995,
  author    = {SCHAERF, A},
  title     = {A survey of automated timetabling},
  booktitle = {ARTIFICIAL INTELLIGENCE REVIEW, v. 13, p. 87–127.},
  year      = {1995},
}

@InBook{SOUZA2004,
  chapter   = {A GRASP-tabu search algorithm for solving school timetabling problems},
  pages     = {659–672},
  title     = {Metaheuristics},
  publisher = {Norwell, MA, USA: Kluwer Academic Publishers},
  year      = {2004},
  author    = {SOUZA, M. J. F.},
}

@InCollection{FEO1995,
  author    = {FEO, T. A.; RESENDE, M. G. C.},
  title     = {Greedy Randomized Adaptive Search Procedures. Journal of Global Optimization},
  booktitle = {Journal of Global Optimization, [S.I.] n. 2, p. 109-133.},
  year      = {1995},
}

@Comment{jabref-meta: databaseType:bibtex;}
