% Encoding: UTF-8


@misc{barraFixa_IMG,
  title = {Treinamento Físico-Militar e do Teste de Aptidão Física},
  author = {{Corpo de Bombeiros Militar do Estado de Goiás}},
  howpublished = {Norma Administrativa n. 02},
  year = {2017},
  note = {Secretaria de Segurança Pública e Administração Penitenciária},
  url = {https://www.bombeiros.go.gov.br/wp-content/uploads/2017/05/NA-02-TFM-e-TAF-3.pdf},
}



@misc{github,
  author = "Andrei Silveira Longen",
  title = "O Que é GitHub, Para Que Serve e Como Usar",
  year = 2023,
  month = 7,
  howpublished = "\url{https://www.hostinger.com.br/tutoriais/o-que-github}",
  note = "Acessado em 21 de julho de 2023",
}

@article{pixelizacao,
  title={Preserving privacy by de-identifying face images},
  author={Newton, Elaine M and Sweeney, Latanya and Malin, Bradley},
  journal={IEEE transactions on Knowledge and Data Engineering},
  volume={17},
  number={2},
  pages={232--243},
  year={2005},
  publisher={IEEE}
}

@article{interpolacao,
  title={Um algoritmo direcionado a bordas que utiliza segmenta{\c{c}}{\~a}o para interpola{\c{c}}{\~a}o de imagens digitais},
  author={Lenza, Tiago Pigatto},
  year={2017}
}

@misc{downsampling,
    title = {Image Downsampling Algorithms: A Comprehensive Guide},
    author = {Saturn Cloud},
    year = {2023},
    month = {Julho},
    day = {18},
    url = {https://saturncloud.io/blog/image-downsampling-algorithms-a-comprehensive-guide/},
    note = {Postado por Saturn Cloud em 18 de julho de 2023 em Miscellaneous}
}

@misc{TAF_adv,
  author = {Gustavo Paes},
  title = {TAF: Guia Completo do Teste de Aptidão Física},
  year = {2022},
  url = {https://paesadvogados.com.br/guia-completo-do-taf-teste-de-aptidao-fisica},
}

@article{limiarizacao,
  title={Limiariza{\c{c}}{\~a}o e binariza{\c{c}}{\~a}o na an{\'a}lise de objetos em imagens digitais},
  author={Gazzoni, Jean Carlos and Marcon, Cesar Langaro and Franciscon, Marcio Alexandre and de Moraes, F{\'a}bio Brignol},
  journal={Synergismus scyentifica UTFPR},
  volume={1},
  number={1},
  pages={685--695},
  year={2006}
}

@article{tracking-algoritimo,
  title={Estudo de algoritmos de rastreamento de objetos em sequ{\^e}ncias de imagens},
  author={Silva, Fernando Alves Almeida and Farias, Gustavo Santos},
  year={2017}
}

@misc{tracking,
  author = {Dalton Vargas},
  title = {Rastreamento de Objetos x Detecção de Objetos},
  year = {2020},
  url = {https://iaexpert.academy/2020/06/24/rastreamento-de-objetos-x-deteccao-de-objetos/},
  urldate = {Acessado em 03/09/2023}
}

@book{convolucao,
    title={Dive into Deep Learning},
    author={Aston Zhang and Zachary C. Lipton and Mu Li and Alexander J. Smola},
    note={\url{https://d2l.ai}},
    year={2020}
}

@misc{filtroGaus,
  author = {Adair Santa Catarina},
  title = {Processamento de Imagens Digitais - Filtragem Espacial},
  howpublished = {Curso de Ciência da Computação, Unioeste – Campus de Cascavel – PR},
  year = {2023},
  month = {Agosto},
  note = {Material de aula},
}

@misc{kernel_gaus,
  author = {Eduardo L. L. Cabral},
  title = {Filtragem e Suavização},
  year = "s.d.",
  url = {https://edisciplinas.usp.br/pluginfile.php/4112481/mod_resource/content/0/V9%20-Filtragem%20e%20suavizacao.pdf},
  note = {Material da disciplina PMR2560 – Visão Computacional, Universidade de São Paulo}
}

@article{canny-edge-detection-python,
  title = {Canny Edge Detection Step by Step in Python - Computer Vision},
  author = {Sofiane Sahir},
  journal = {Towards Data Science},
  year = {2019},
  note = {Acessado em 30/08/2023},
  url = {https://towardsdatascience.com/canny-edge-detection-step-by-step-in-python-computer-vision-b49c3a2d8123}
}

@misc{openCV,
    author = "openCV",
    year = "2023",
    title  = "About",
    url   = "https://opencv.org/about/"
}

@misc{opencv_thresholding,
  author = {OpenCV},
  title = {Image Thresholding},
  year = {2023},
  url = {https://docs.opencv.org/4.x/d7/d4d/tutorial_py_thresholding.html},
  note = {Acessado em 09/09/2023},
}

@misc{opencv-canny,
  author = {openCv},
  title = {Canny Edge Detection},
  year = {2023},
  url = {https://docs.opencv.org/3.4/da/d22/tutorial_py_canny.html},
  note = {Acessado em 30/08/2023},
}

@misc{parametrizacao,
  author = {Rodrigo Estevam},
  title = {Transformada Hough - Detectando formas geométricas em imagens},
  year = {2021},
  url = {https://medium.com/turing-talks/transformada-hough-detectando-formas-geom%C3%A9tricas-em-imagens-6d831be61ee8},
  howpublished = {Medium},
  note = {Artigo online},
}

@article{planosAnatomicos_IMG,
  title={Os Atlas Anat{\^o}micos como Pedagogia Cultural e o P{\'o}s-Vida das Imagens},
  author={Cazetta, Val{\'e}ria and Oliveira, R{\'e}gia Cristina and Tavares, Jonathan Mendes},
  journal={Educa{\c{c}}{\~a}o \& Realidade},
  volume={44},
  year={2019},
  publisher={SciELO Brasil}
}

@misc{AFD_M1,
  author = {Salviano, Marcos},
  title = {Autômatos Finitos e Não-determinismo},
  howpublished = {Material didático},
  year = {2022},
  note = {Area de Conhecimento em Algoritmos e Teoria - DCC/UFMG},
  url = {https://homepages.dcc.ufmg.br/~msalvim/courses/ftc/Aula1.1_AFDs-AFNs%5Bstill%5D.pdf},
}


@misc{AFD_reconhecedor,
  author = {Olivete, Celso Júnior},
  title = {Autômatos Finitos - LFA: Aula 04},
  howpublished = {Material didático},
  month = {janeiro},
  year = {2020},
  note = {Apresentado em Linguagens Formais e Autômatos},
  url = {http://www2.fct.unesp.br/docentes/dmec/olivete/lfa/arquivos/Aula04.pdf},
}


@misc{transformadaHough1,
  author = {Teobaldo Jamundá},
  title = {Reconhecimento de Formas: A Transformada de Hough},
  howpublished = {Seminário Visão Computacional - CPGCC/UFSC},
  year = {2000},
  month = {2},
  note = {\url{http://www.inf.ufsc.br/~aldo.vw/visao/2000/Hough/index.html}}
}

@article{transformadaHough2,
  title={Uso da Transformada de Hough na Detec{\c{c}}{\~a}o de C{\'\i}rculos em Imagens Digitais},
  author={Duarte, Glaucius D{\'e}cio},
  journal={Thema-Revista Cient{\'\i}fica do Centro Federal de Educa{\c{c}}{\~a}o Tecnol{\'o}gica},
  volume={4},
  number={1},
  pages={51--58},
  year={2003}
}

@misc{detectBar,
    title = "Transformada de Hough: Fundamentos e Aplicações",
    author = "Instituto de Ciências Matemáticas e de Computação (ICMC) - USP",
    howpublished = "Online document",
    year = "2023",
    note = {Acessado em 20/08/2023},
    url = "http://www.lps.usp.br/hae/apostila/hough.pdf"
}

@misc{imagemIBM,
  title={Noções básicas de processamento de imagem e OpenCV},
  author={Altunay, Damla},
  year={2019},
  url={https://developer.ibm.com/articles/learn-the-basics-of-computer-vision-and-object-detection/},
  organization={IBM Developer},
  note={Publicado em 25 de outubro de 2019}
}

@book{imagemMonocromatica,
  title={Processamento de imagens digitais},
  author={Gonzalez, Rafael C and Woods, Richard E},
  year={2000},
  publisher={Editora Blucher}
}

@book{afd,
  title={INTRODU{\c{C}}{\~A}O {\`A} TEORIA DA COMPUTA{\c{C}}{\~A}O-2{\textregistered} EDI{\c{C}}{\~A}O NORTE-AMERICANA.},
  author={Sipser, Michael},
  year={2010},
  publisher={Cengage Learning Edi{\c{c}}{\~o}es Ltda.}
}

@article{reconhecimento,
  title={Linguagens Formais e Aut{\^o}matos},
  author={Ramos, Marcus Vin{\'\i}cius Midena and de Computa{\c{c}}{\~a}o UNIVASF, Engenharia},
  journal={Apostila do Curso de Engenharia de},
  year={2008}
}

@misc{opencv_docs,
    title = {OpenCV Documentation},
    author = {OpenCV},
    year = {2023}},
    url = {https://docs.opencv.org/}
}


@misc{mediapipe_pose_landmarker,
    title = {MediaPipe Pose Landmarker},
    author = {Google},
    year = {2023},
    url = {https://developers.google.com/mediapipe/solutions/vision/pose_landmarker}
}

@misc{mediapipe_guide,
    title = {MediaPipe Solutions Guide},
    author = {Google},
    year = {2023},
    url = {https://developers.google.com/mediapipe/solutions/guide.md}
}

@book{clean_code,
  author = {Martin, Robert C.},
  title = {Clean Code: A Handbook of Agile Software Craftsmanship},
  year = {2008},
  publisher = {Prentice Hall},
  address = {Upper Saddle River, NJ},
  isbn = {978-0-13-235088-4}
}

@misc{mediapipe,
    author = {Google},
    title = {MediaPipe Solutions},
    year = {Acesso em 2023},
    url = {https://developers.google.com/mediapipe/solutions}
}

@book{cinesiologia,
  title={Cinesiologia Clínica},
  author={Brunnstrom, K.},
  year={1986},
  edition={6ª ed.},
  publisher={Guanabara Koogan},
  address={Rio de Janeiro}
}

@book{anatomia1,
  title={Princípios de Anatomia e Fisiologia},
  author={Tortora, Gerard J and Derrickson, Bryan},
  year={2019},
  edition={12ª},
  publisher={Editora Artmed}
}

@book{movimentoCotovelo,
  title={Fisiologia Articular - Volume 1: Membro Superior},
  author={Kapandji, I. A.},
  year={2000},
  edition={6},
  publisher={Manole},
  address={São Paulo}
}

@article{feedback,
    author = {Mariano, Gabriela and Ferreira, Marcelo and Peixoto, Tomás and Cabido, Christian},
    title = {O Feedback e Ensino Esportivo},
    journal = {EFDeportes},
    year = {2011},
    volume = {16},
    number = {164},
    url = {https://www.efdeportes.com/efd164/o-feedback-e-ensino-esportivo.htm},
    urldate = {Acessado em 01/03/2023}
}

@misc{flexao,
  author = {Kenhub},
  title = {Tipos de Movimentos do Corpo Humano},
  year = {2021},
  url = {https://www.kenhub.com/pt/library/anatomia/tipos-de-movimentos-do-corpo-humano},
  urldate = {Acessado em 01/03/2023}
}


@misc{constituicao,
  title        = {Constituição da República Federativa do Brasil},
  author       = {Brasil},
  year         = {1988},
  howpublished = {Diário Oficial da União, Brasília, DF, 5 out. 1988. Disponível em: <http://www.planalto.gov.br/ccivil_03/constituicao/constituicaocompilado.htm>. Acesso em: 27 fev. 2023.},
}

@misc{python,
    author = "Daniel Kriger",
    year = "2022",
    title  = "O QUE É PYTHON, PARA QUE SERVE E POR QUE APRENDER?",
    url   = "https://kenzie.com.br/blog/o-que-e-python/"
}




@misc{tensorFlow_IMG,
    author = "Community TensorFlow",
    year = "2021",
    title  = "Next-Generation Pose Detection with MoveNet and TensorFlow.js",
    url   = "https://blog.tensorflow.org/2021/05/next-generation-pose-detection-with-movenet-and-tensorflowjs.html"
}

@misc{tensorFlow,
    author = "Oracle",
    year = "2022",
    title  = "O que é TensorFlow: um guia completo",
    url   = "https://developer.oracle.com/pt-BR/learn/technical-articles/1481879245886-120-what-is-tensorflow#chapter---------tensorflow-e-python--biblioteca-de-c%C3%B3digo-aberto-amig%C3%A1vel"
}

@misc{ml,
    author = "IBM Cloud Education",
    year = "2020",
    title  = "Machine Learning",
    url   = "https://www.ibm.com/br-pt/cloud/learn/machine-learning"
}

@misc{edh,
    title  = {Visão Computacional::Deep Learnings},
    url   = {https://lapix.ufsc.br/ensino/visao/visao-computacionaldeep-learning/deep-learningreconhecimento-de-poses/},
    year = "s.d.",

}

@misc{edhDeep,
    title  = "An Overview of Human Pose Estimation with Deep Learning",
    year = "2019",
    author = "Bharath Raj",
    url   = "https://medium.com/beyondminds/an-overview-of-human-pose-estimation-with-deep-learning-d49eb656739b"
}

@misc{eCBMG2018,
    author = {{Corpo de Bombeiros Militar de Minas Gerais}},
    title  = "EDITAL CBMMG Nº 13, DE 30 DE JULHO DE 2018",
    year   = "2018",
    url    = "https://bombeiros.mg.gov.br/images/concursos/CFSdBM2020/edital.pdf",
}


@misc{ePMMG2021,
    author = {{Polícia Militar de Minas Gerais}},
    title  = "EDITAL DRH/CRS Nº 07/2021, DE 24 DE JUNHO DE 2021",
    year   = "2021",
    url    = "https://www.policiamilitar.mg.gov.br/conteudoportal/sites/concurso/250620211349486800.pdf",
}


@misc{ePF2021,
    author = {{Departamento de Polícia Federal}},
    title  = "EDITAL Nº 1 – DGP/PF, DE 15 DE JANEIRO DE 2021.",
    year   = "2021",
    url   = "https://cdn.cebraspe.org.br/concursos/PF_21/arquivos/ED_1_DPF_2021_ABT.PDF"
}

@misc{ePP2021,
    author = {{Secretaria de Estado de Justiça e Segurança Pública}},
    title  = "EDITAL SEJUSP Nº. 02/2021 DE 17 DE AGOSTO DE 2021",
    year   = "2021",
    url    = "http://www.seguranca.mg.gov.br/images/2021/Agosto/Documentos/EDITAL_CONCURSO_PP.pdf",
}


@misc{barraTAF,
    title  = "Exercício na barra fixa é o que mais reprova candidatos no concurso da Polícia Militar e do Corpo de Bombeiros",
    year   = "2018",
    author = "{Governo do Estado da Paraíba}",
    url    = "https://paraiba.pb.gov.br/noticias/exercicio-na-barra-fixa-e-o-que-mais-reprova-candidatos-no-concurso-da-policia-militar-e-do-corpo-de-bombeiros",
}


@misc{salarioMin,
    title  = "Salário mínimo de R\$ 1.212 é promulgado",
    year   = "2022",
    author = "Agência Senado",
    url   = "https://www12.senado.leg.br/noticias/materias/2022/06/02/salario-minimo-de-r-1-212-e-promulgado",
}

@misc{valorPersonal,
    title  = "Quanto custa e quando devo contratar um personal trainer?",
    year   = "2022",
    author = "Marília Banholzer",
    url   = "https://jc.ne10.uol.com.br/colunas/vida-fit/2022/01/14929345-quanto-custa-e-quando-devo-contratar-um-personal-trainer.html",
}

@misc{sisMuscular,
  title={SISTEMA MUSCULAR},
  author={Helivania Sardinha dos Santos},
  year="s.d.",
  url={https://www.biologianet.com/anatomia-fisiologia-animal/sistema-muscular.htm},
}

@misc{distal,
  title={Exercícios de cadeia cinética fechada e aberta: o que são e quem pode fazer.},
  author={Bárbara Therrie},
  url={https://www.uol.com.br/vivabem/noticias/redacao/2021/04/07/exercicios-de-cadeia-cinetica-aberta-e-fechada-o-que-sao-e-quais-vantagens.htm},
  year={2021},
}

@article{fadiga,
  title={Time of day and the decision to prescribe antibiotics},
  author={Linder, Jeffrey A and Doctor, Jason N and Friedberg, Mark W and Nieva, Harry Reyes and Birks, Caroline and Meeker, Daniella and Fox, Craig R},
  journal={JAMA internal medicine},
  volume={174},
  number={12},
  pages={2029--2031},
  year={2014},
  publisher={American Medical Association}
}

@article{consciencia,
  title={Consci{\^e}ncia corporal, esquema corporal e imagem do corpo},
  author={Rocha, Ione Paula},
  journal={Corpus et Scientia},
  volume={5},
  number={2},
  year={2009}
}

@book{VisaoComp,
    title = {Computer Vision},
    author = {Dana Harry Ballard and Christopher M. Brown},
    year = {1982},
    month = {08},
    day = {28},
    pagecount = {523},
    isbn = {9780131653160}
}

@book{visao,
  title={Introdu{\c{c}}{\~a}o {\`a} Vis{\~a}o Computacional: Uma abordagem pr{\'a}tica com Python e OpenCV},
  author={Barelli, Felipe},
  year={2018},
  publisher={Editora Casa do C{\'o}digo}
}


@article{silva2015cinesiologia,
  title={Cinesiologia e biomec{\^a}nica},
  author={SILVA, Valeria Regina},
  journal={Rio de Janeiro: SESES},
  volume={88},
  year={2015}
}


@article{articulacao,
  title={Cinesiologia, biomecânica e robótica},
  author={Thayse Zerger Gonçalves Dias},
  year={2021},
}

@article{insuficienciaAP,
  title={Cinesiologia e biomec{\^a}nica},
  author={SILVA, Valeria Regina},
  journal={Rio de Janeiro: SESES},
  volume={88},
  year={2015}
}


@phdthesis{barraFixa,
  title={CORRELA{\c{C}}{\~A}O ENTRE AS CARACTER{\'I}STICAS ESTRUTURAIS DA FOR{\c{C}}A DE TRA{\c{C}}{\~A}O E O DESEMPENHO NO EXERC{\'I}CIO DE PUXADA NA BARRA FIXA},
  author={de Mattos, Rogerio Silva Leite},
  year={2015},
  school={Universidade Federal do Rio de Janeiro}
}

@article{cinesiologiaBarraFixa,
  title={Compara{\c{c}}{\~a}o do n{\'\i}vel de ativa{\c{c}}{\~a}o muscular entre os exerc{\'\i}cios puxada pela frente no equipamento e em barra fixa em duas intensidades distintas},
  author={Guedes, Matheus Giacobbo},
  year={2010}
}

@article{vcBicicleta,
  title={An{\'a}lise postural digital para ciclistas},
  author={Franke, Leonardo},
  year={2016}
}

@inproceedings{vcFutebol,
  title={Sistema de Apoio {\`a}s An{\'a}lises T{\'a}tica e F{\'\i}sica no Futsal baseado em Vis{\~a}o Computacional},
  author={P{\'a}dua, Fl{\'a}vio Luis Cardeal and de P{\'a}dua, Pedro Henrique Caetano},
  booktitle={Semin{\'a}rio de Discentes dos Programas de P{\'o}s-Gradua{\c{c}}{\~a}o Stricto Sensu},
  year={2014}
}

@mastersthesis{futebolTatica,
  title={Ferramentas para an{\'a}lise de partidas de futsal utilizando processamento de imagens e vis{\~a}o computacional},
  author={Paulichen, Heloiza Mendes},
  type={{B.S.} thesis},
  year={2019},
  school={Universidade Tecnol{\'o}gica Federal do Paran{\'a}}
}

@misc{dartfish,
    title = {Dartfish - Análise de Vídeo e Coaching Esportivo},
    howpublished = {\url{https://www.dartfish.com/}},
    year = "s.d.",
    note = {Acessado em 09/08/2023},
}

@misc{reprovaTAF,
  title={TAF: etapa negligenciada por concurseiros reprova até 60\%},
  url={https://www.metropoles.com/vaga-garantida/taf-etapa-negligenciada-por-concurseiros-reprova-ate-60},
  author={Letícia Nobre},
  year={2018},
  month={Sep}
}



@article{imageDigital,
  title={Fundamentos da imagem digital},
  author={Scuri, Antonio Esca{\~n}o},
  journal={Pontif{\'\i}cia Universidade Cat{\'o}lica do Rio de Janeiro},
  pages={13},
  year={1999}
}

@article{de2006introduccao,
  title={Introdu{\c{c}}{\~a}o ao processamento digital de imagens.},
  author={de Queiroz, Jos{\'e} Eust{\'a}quio Rangel and Gomes, Herman Martins},
  journal={Rita},
  volume={13},
  number={2},
  pages={11--42},
  year={2006}
}

@article{neves2012avanccos,
  title={Avan{\c{c}}os em vis{\~a}o computacional},
  author={Neves, Luiz Ant{\^o}nio Pereira and Vieira Neto, Hugo and Gonzaga, Adilson},
  journal={Curitiba: Omnipax},
  pages={27},
  year={2012}
}

 @misc{teixeira_mota_2007,
  title={A biomecânica e a Educação Física},
  url={https://www.efdeportes.com/efd113/a-biomecanica-e-a-educacao-fisica.htm},
  journal={A Biomecnica e a educação física},
  publisher={Revista Digital - Buenos Aires},
  author={Teixeira, Clarissa   Stefani and Mota, Carlos Bolli},
  year={2007},
  month={Oct}
 } 
 


%Exemplos

@Article{ABRAMSON1991,
  author  = {ABRAMSON, D.},
  title   = {Constructing School Timetables Using Simulated Annealing: Sequential and Parallel Algorithms},
  journal = {Management Science, 37:98-113.},
  year    = {1991},
}

@MastersThesis{ROCHA2013,
  author = {ROCHA, W. de S.},
  title  = {Algoritmo GRASP para o Problema de Tabela-horário de Universidades},
  school = {Departamento de Informática, Universidade Federal do Espírito Santo, Vitória.},
  year   = {2013},
}

@InCollection{CESCHIA2011,
  author    = {CESCHIA, S., GASPERO},
  title     = {Design,engineering, and experimental analysis of a simulated annealing approach to the post-enrolment course timetabling problem},
  booktitle = {Computers \& Operations Research, v. 39, n. 7, p.1615–1624 .},
  year      = {2011},
}

@Conference{ELLOUMI2008,
  author    = {ELLOUMI, A.},
  title     = {A tabu search procedure for course timetabling at a tunisian university},
  booktitle = {Proceedings of the 7th PATAT Conference, 2008. [S.l.: s.n.]},
  year      = {2008},
}

@Article{GLOVER1997,
  author  = {GLOVER, F. e LAGUNA, M.},
  title   = {Tabu Search},
  journal = {Kluwer Academic Publishers, Boston.},
  year    = {1997},
}

@InCollection{GLOVER1993,
  author    = {GLOVER, F., TAILLARD, E. and de WERRA, D. . ,},
  title     = {A user’s guide to tabu search},
  booktitle = {Tabu Search, Vol. 41 of Annals of Operations Research, Baltzer Science Publishers, Amsterdan, pp. 3–28.},
  year      = {1993},
}

@InCollection{KIRK1983,
  author    = {KIRK PATRICK},
  title     = {Optimization by Simulated Annealing. Science},
  booktitle = {New Series, Vol. 220, No. 4598},
  year      = {1983},
}

@InCollection{SCHAERF1995,
  author    = {SCHAERF, A},
  title     = {A survey of automated timetabling},
  booktitle = {ARTIFICIAL INTELLIGENCE REVIEW, v. 13, p. 87–127.},
  year      = {1995},
}

@InBook{SOUZA2004,
  chapter   = {A GRASP-tabu search algorithm for solving school timetabling problems},
  pages     = {659–672},
  title     = {Metaheuristics},
  publisher = {Norwell, MA, USA: Kluwer Academic Publishers},
  year      = {2004},
  author    = {SOUZA, M. J. F.},
}

@InCollection{FEO1995,
  author    = {FEO, T. A.; RESENDE, M. G. C.},
  title     = {Greedy Randomized Adaptive Search Procedures. Journal of Global Optimization},
  booktitle = {Journal of Global Optimization, [S.I.] n. 2, p. 109-133.},
  year      = {1995},
}

@Comment{jabref-meta: databaseType:bibtex;}
